<?xml version="1.0" encoding="UTF-8"?><collection><record><leader>04815ntm a2200505 a 4500</leader><controlfield tag="001">006492270</controlfield><controlfield tag="003">MiAaHDL</controlfield><controlfield tag="005">20190719000000.0</controlfield><controlfield tag="006">m        d        </controlfield><controlfield tag="007">cr bn ---auaua</controlfield><controlfield tag="008">090428s1846    xx            00| ||ara d</controlfield><datafield tag="035" ind1=" " ind2=" "><subfield code="a">(MiU)006492270</subfield></datafield><datafield tag="035" ind1=" " ind2=" "><subfield code="a">sdr-miu006492270</subfield></datafield><datafield tag="040" ind1=" " ind2=" "><subfield code="a">MiU</subfield><subfield code="c">MiU</subfield><subfield code="e">amremm</subfield></datafield><datafield tag="043" ind1=" " ind2=" "><subfield code="a">n-us-mi</subfield></datafield><datafield tag="100" ind1="0" ind2=" "><subfield code="6">880-01</subfield><subfield code="a">İsmail Ahmet Ahıskavî.</subfield></datafield><datafield tag="245" ind1="1" ind2="0"><subfield code="6">880-03</subfield><subfield code="a">[Ijāzah,</subfield><subfield code="f">1262, i.e. 1846].</subfield></datafield><datafield tag="260" ind1=" " ind2=" "><subfield code="a">[1846].</subfield></datafield><datafield tag="300" ind1=" " ind2=" "><subfield code="a">14 leaves :</subfield><subfield code="b">paper ;</subfield><subfield code="c">206 x 132 (123 x 59) mm.</subfield></datafield><datafield tag="500" ind1=" " ind2=" "><subfield code="a">Shelfmark: Ann Arbor, University of Michigan, Special Collections Library, Isl. Ms. 108</subfield></datafield><datafield tag="500" ind1=" " ind2=" "><subfield code="a">Origin: As appears in authorial colophon on p.28, granted by İsmail Ahmet Ahıskavî (Ismāʻīl ibn Aḥmad Akhisqawī) in 11 Jumādá I 1262 [ca. 7 May 1846] with transcription likely completed just before this date. Copyist supplying the main text of the ijāzah is unnamed.</subfield></datafield><datafield tag="500" ind1=" " ind2=" "><subfield code="a">Former shelfmark: British Museum, London "No. 143. Ijazat al-alam."</subfield></datafield><datafield tag="500" ind1=" " ind2=" "><subfield code="a">Binding: Pasteboards covered in black pressed, textured paper with red leather over spine and edges/turn-ins ; Type III binding (without flap) ; pastedowns and flyleaves in yellow-tinted European laid paper ; sewn in yellow thread, four stations, with primaries in red ; overall in good condition with only minor abrasion, etc.</subfield></datafield><datafield tag="500" ind1=" " ind2=" "><subfield code="a">Support: European wove paper ; well-burnished ; tinted light-green,</subfield></datafield><datafield tag="500" ind1=" " ind2=" "><subfield code="a">Decoration: Illuminated headpiece at opening on p.6 consisting of an arrangement of plumes (in red, blue, purple, white, etc.) and flowers (in pink and white with green leaves) on a field of gold ; written area surrounded by frame consisting of a heavy gold band outlined by black and red fillets ; textual dividers in the form of illuminated rosettes with red and blue accents ; keywords rubricated.</subfield></datafield><datafield tag="500" ind1=" " ind2=" "><subfield code="a">Script: Naskh ; fine, well-executed Ottoman hand ; seriffed with mainly right-sloping headserifs on most ascenders ; effect of tilt to the left ; mainly open counters ; rounded, mainly curvilinear descenders ; rightward descenders tapered ; 'authorial colophon' in different hand, namely that of the scholar granting the ijāzah.</subfield></datafield><datafield tag="500" ind1=" " ind2=" "><subfield code="a">Layout: Written in 17 lines per page ; frame-ruled.</subfield></datafield><datafield tag="500" ind1=" " ind2=" "><subfield code="a">Collation: i, VII (14), i ; a single septernion ; opening leaf and final leaf blank ; catchwords present ; pagination in pencil, Western numerals, supplied during digitization (includes flyleaves).</subfield></datafield><datafield tag="500" ind1=" " ind2=" "><subfield code="a">Colophon: "Authorial," rectangular, reads: "كتبه الفقير الحقير المملوء بالذنب اسماعيل بن احمد اخسقه وى غفر الله له ولوالديه وللمؤمنين والمؤمنات كافة في ١١ حا سنة ١٢٦٢"</subfield></datafield><datafield tag="500" ind1=" " ind2=" "><subfield code="a">Incipit: "نحمدك اللهم يا من قد احاط بكل شيء علما ونصب من مضوعاته على كمال قدرته علما ... وبعد فان من المعقول عند كل عاقل بل من المشهور في نظر كل غافل ان اجزاء العالم منحصرة في جواهر واعراض ..."</subfield></datafield><datafield tag="500" ind1=" " ind2=" "><subfield code="a">Title supplied by cataloguer.</subfield></datafield><datafield tag="500" ind1=" " ind2=" "><subfield code="a">Ms. codex.</subfield></datafield><datafield tag="520" ind1="8" ind2=" "><subfield code="a">Elegant copy of an ijāzah (icazetname) granted to Mustafa Hulusi Efendi (Muṣṭafá Khulūṣī Afandī, see pp.11-12) by İsmail Ahmet Ahıskavî, whose name and seal appear in his autograph at the close of the text.</subfield></datafield><datafield tag="538" ind1=" " ind2=" "><subfield code="a">Mode of access: Internet.</subfield></datafield><datafield tag="541" ind1=" " ind2=" "><subfield code="c">Purchase ;</subfield><subfield code="a">Acquired by purchase (funds donated by Horace Rackham).</subfield><subfield code="d">1924.</subfield></datafield><datafield tag="546" ind1=" " ind2=" "><subfield code="a">Arabic.</subfield></datafield><datafield tag="561" ind1=" " ind2=" "><subfield code="a">Bookplate of British Museum, London on interior of upper cover, "British Museum, London. No. 143. Ijazat al-alam." ; circular seal impression with figure of goat/gazelle in purple ink as well as inscription "290" in Western numerals on front flyleaf (p.1) ; circular waqf-seal impression in black ink appears on 'title page' (p.5) and several places throughout, reads "هذا وقف الراجي فيض الصمدي الشيخ احمد ضيا الدين ابن مصطفى الخالدي فمن بدله بعد ما سمعه فانما اثمه على الذين يبدلونه" in name of Aḥmad Ḍiyāʼ al-Dīn ibn Muṣṭafá al-Khālidī (i.e. Ahmed Ziyâüddîn Gümüşhanevî, d. 1893 or 4).</subfield></datafield><datafield tag="650" ind1=" " ind2="0"><subfield code="a">Manuscripts, Arabic</subfield><subfield code="z">Michigan</subfield><subfield code="z">Ann Arbor.</subfield></datafield><datafield tag="650" ind1=" " ind2="0"><subfield code="a">Islamic learning and scholarship</subfield><subfield code="v">Early works to 1800.</subfield></datafield><datafield tag="655" ind1=" " ind2="7"><subfield code="a">Headpieces (layout features)</subfield><subfield code="y">19th century.</subfield><subfield code="2">aat</subfield></datafield><datafield tag="700" ind1="0" ind2=" "><subfield code="6">880-05</subfield><subfield code="a">Mustafa Hulusi Efendi,</subfield><subfield code="d">fl. 1846.</subfield></datafield><datafield tag="773" ind1="0" ind2=" "><subfield code="a">Tiflis Collection.</subfield></datafield><datafield tag="880" ind1="0" ind2=" "><subfield code="6">700-05/</subfield><subfield code="a">مصطفى خلوصى افندى.</subfield></datafield><datafield tag="880" ind1="1" ind2="0"><subfield code="6">245-03/</subfield><subfield code="a">[إجازة,</subfield><subfield code="f">1262ه، 1846م].</subfield></datafield><datafield tag="880" ind1="0" ind2=" "><subfield code="6">100-01/</subfield><subfield code="a">اسماعيل بن احمد اخسقه وى.</subfield></datafield><datafield tag="CID" ind1=" " ind2=" "><subfield code="a">006492270</subfield></datafield><datafield tag="DAT" ind1="0" ind2=" "><subfield code="a">20190719102634.0</subfield><subfield code="b">20190719000000.0</subfield></datafield><datafield tag="DAT" ind1="1" ind2=" "><subfield code="a">20190719090653.0</subfield><subfield code="b">2019-07-19T16:11:01Z</subfield></datafield><datafield tag="DAT" ind1="2" ind2=" "><subfield code="a">2015-10-02T18:00:03Z</subfield></datafield><datafield tag="CAT" ind1=" " ind2=" "><subfield code="a">SDR-MIU</subfield><subfield code="d">EX LIBRIS - ALEPH</subfield><subfield code="l">prepare.pl-004-008</subfield></datafield><datafield tag="FMT" ind1=" " ind2=" "><subfield code="a">BK</subfield></datafield><datafield tag="HOL" ind1=" " ind2=" "><subfield code="0">sdr-miu006492270</subfield><subfield code="a">MiU</subfield><subfield code="b">SDR</subfield><subfield code="c">MIU</subfield><subfield code="p">mdp.39015079125491</subfield><subfield code="s">MIU</subfield><subfield code="1">006492270</subfield></datafield><datafield tag="974" ind1=" " ind2=" "><subfield code="b">MIU</subfield><subfield code="c">MIU</subfield><subfield code="d">20190719</subfield><subfield code="s">lit-dlps-dc</subfield><subfield code="u">mdp.39015079125491</subfield><subfield code="y">1846</subfield><subfield code="r">pd</subfield><subfield code="q">bib</subfield><subfield code="t">non-US bib date1 &lt; 1879</subfield></datafield></record></collection>